%
%  Vzor bibliografické databáze pro automatickou tvorbu seznamu referencí
%  pomocí BibTeXu
%
%  Doporučený software pro správu databáze literatury formátu *.bib:
%    JabRef, http://jabref.sourceforge.net/
%
%  POZOR:
%
%    *  Písmena v názvech publikací, jež je třeba tisknout vždy velká, se musejí psát
%       do složených závorek ({T}hailand, {HIV})
%
%  ===========================================================================

@inproceedings{kappeler20103d,
	title={3D object localization via stereo vision using an omnidirectional and a perspective camera},
	author={K{\"a}ppeler, Uwe-Philipp and H{\"o}ferlin, Markus and Levi, Paul},
	booktitle={Proceedings of the 2nd Workshop on Omnidirectional Robot Vision, Anchorage, Alaska},
	pages={7--12},
	year={2010}
}

@inproceedings{zheng2010study,
	title={A study of 3D feature tracking and localization using a stereo vision system},
	author={Zheng, Li-Wei and Chang, Yuan-Hsiang and Li, Zhen-Zhong},
	booktitle={Computer Symposium (ICS), 2010 International},
	pages={402--407},
	year={2010},
	organization={IEEE}
}

@inproceedings{ibisch2015arbitrary,
	title={Arbitrary object localization and tracking via multiple-camera surveillance system embedded in a parking garage},
	author={Ibisch, Andr{\'e} and Houben, Sebastian and Michael, Matthias and Kesten, Robert and Schuller, Florian and AUDI AG, Ingolstadt},
	booktitle={SPIE/IS\&T Electronic Imaging},
	pages={94070G--94070G},
	year={2015},
	organization={International Society for Optics and Photonics}
}


@inproceedings{yonemoto1998tracking,
	title={Tracking of 3D multi-part objects using multiple viewpoint time-varying sequences},
	author={Yonemoto, Satoshi and Tsuruta, Naoyuki and Taniguchi, Rin-ichiro},
	booktitle={Pattern Recognition, 1998. Proceedings. Fourteenth International Conference on},
	volume={1},
	pages={490--494},
	year={1998},
	organization={IEEE}
}

@inproceedings{black2002multi,
	title={Multi view image surveillance and tracking},
	author={Black, James and Ellis, Tim and Rosin, Paul},
	booktitle={Motion and Video Computing, 2002. Proceedings. Workshop on},
	pages={169--174},
	year={2002},
	organization={IEEE}
}

@book{bradski2008learning,
	title={Learning OpenCV: Computer vision with the OpenCV library},
	author={Bradski, Gary and Kaehler, Adrian},
	year={2008},
	publisher={" O'Reilly Media, Inc."}
}

@inproceedings{owens2003hawk,
	title={Hawk-eye tennis system},
	author={Owens, N and Harris, C and Stennett, C},
	booktitle={Visual Information Engineering, 2003. VIE 2003. International Conference on},
	pages={182--185},
	year={2003},
	organization={IET}
}
